@inbook{CI,
author = {Sebastian Mai},
title = {Using Fuzzy Decision Trees for Ranking and Regression Problems},
booktitle = {Ausarbeitungen zum Seminar Computational Intelligence Methods},
year = {2012}
}
@online{wiki,
author = {Wikipedia},
title = {Wikipedia: LaTex},
year = {2012},
url = {\href[https://en.wikipedia.org/wiki/LaTeX]{https://en.wikipedia.org/wiki/LaTeX}},
urldate = {1.1.1970}
}
@online{wikibook,
author = {Wikipedia},
title = {LaTeX/Bibliography Management},
year = {2014},
url = {https://en.wikibooks.org/wiki/LaTeX/Bibliography_Management#BibTeX}
}

@book{landes,
	title = {Der entfesselte Prometheus : technologischer Wandel und industrielle Entwicklung in Westeuropa von 1750 bis zur Gegenwart},
	author = {David S. Landes},
	year = {1983},
	publisher = {München : Dt. Taschenbuch-Verl.}
}

@book{arbeitsfrei,
  Author = {{Frank Rieger} and {Constanze Kurz}},
  Title = {Arbeitsfrei: Eine Entdeckungsreise zu den Maschinen, die uns ersetzen},
  Publisher = {Riemann I.Bertelsmann Vlg},
  Year = {2013},
  ISBN = {3570501558},
}

@book{weissenborn,
	title = {Der Liberalismus von Mill und Bentham- Unterschiede und Parallelen, Akademische Schriftenreihe},
	author = {Martin Weißenborn},
	year = {2007},
	publisher = {GRIN Verlag},
	ISBN = {3638667960},
}

@book{prass,
	title = {Reformprogramm und bäuerliche Interessen},
	author = {Reiner Prass},
	year = 1997,
	volume = 132,
	booktitle = {Veröffentlichungen des Max-Planck-Instituts für Geschichte},
	publisher = {Max-Planck-Institut für Geschichte Göttingen},
	editor = {Vandenhoeck {\&} Ruprecht}
}
	
@thesis{knaut,
	title = {Die Kostruktion menschlicher Identität durch biometrische Erkennungsverfahren bei Personenkontrollen an Nationalstaatsgrenzen"},
	author = {{Knaut, Andrea}},
	date = {2009-03-27},
	url = {http://waste.informatik.hu-berlin.de/knaut/texts/Diplomarbeit_v1_1.pdf},
	urldate = {2014-03-12},
	publisher = {Humboldt-Universität zu Berlin}
}

@article{ulrich,
	title = {Stufung und Messung der Mechanisierung und Automatisierung},
	author = {{Ulrich, Erhard}},
	journal = {Mitteilungen aus der Arbeitsmarkt- und Berufsforschung},
	year = 1968,
	publisher = {W. Kohlhammer GmBH, Stuttgart}
}

@book{keupp,
	title = {Identitätskontstruktionen. Das Patchwork der Identetität in der Spätmoderne.},
	author = {{Heiner Keupp}},
	year = 1999,
	publisher = {Reinbeck},
	pages = {45-53 und 189-271}
}
